<record xmlns='http://www.loc.gov/MARC21/slim'><leader>01986nam a2200541 i 4500</leader><controlfield tag='001'>99121576653506421</controlfield><controlfield tag='005'>20201022201419.0</controlfield><controlfield tag='006'>m     o  d |      </controlfield><controlfield tag='007'>cr |n|||||||||</controlfield><controlfield tag='008'>200303t20212021enka    ob    001 0 eng  </controlfield><datafield ind1=' ' ind2=' ' tag='010'><subfield code='a'>  2020010826</subfield></datafield><datafield ind1=' ' ind2=' ' tag='035'><subfield code='9'>(YDXIT)16672091</subfield></datafield><datafield ind1=' ' ind2=' ' tag='035'><subfield code='a'>(OCoLC)1155487924</subfield></datafield><datafield ind1=' ' ind2=' ' tag='035'><subfield code='a'>(NjP)12157665-princetondb</subfield></datafield><datafield ind1=' ' ind2=' ' tag='040'><subfield code='a'>DLC</subfield><subfield code='b'>eng</subfield><subfield code='e'>rda</subfield><subfield code='c'>DLC</subfield><subfield code='d'>OCLCO</subfield><subfield code='d'>YDX</subfield></datafield><datafield ind1=' ' ind2=' ' tag='020'><subfield code='a'>9780429424304</subfield><subfield code='q'>electronic book</subfield></datafield><datafield ind1=' ' ind2=' ' tag='020'><subfield code='a'>0429424302</subfield><subfield code='q'>electronic book</subfield></datafield><datafield ind1=' ' ind2=' ' tag='020'><subfield code='z'>9781138388888</subfield><subfield code='q'>hardcover</subfield></datafield><datafield ind1=' ' ind2=' ' tag='042'><subfield code='a'>pcc</subfield></datafield><datafield ind1=' ' ind2=' ' tag='043'><subfield code='a'>e-gr---</subfield></datafield><datafield ind1=' ' ind2='4' tag='050'><subfield code='a'>BL795.A54</subfield><subfield code='b'>A55 2021</subfield></datafield><datafield ind1='0' ind2='0' tag='082'><subfield code='a'>292.2/12</subfield><subfield code='2'>23</subfield></datafield><datafield ind1='0' ind2='0' tag='245'><subfield code='a'>Animals in ancient Greek religion /</subfield><subfield code='c'>edited by Julia Kindt.</subfield></datafield><datafield ind1=' ' ind2='1' tag='264'><subfield code='a'>Abingdon, Oxon ;</subfield><subfield code='a'>New York, NY :</subfield><subfield code='b'>Routledge,</subfield><subfield code='c'>2021.</subfield></datafield><datafield ind1=' ' ind2='4' tag='264'><subfield code='c'>©2021</subfield></datafield><datafield ind1=' ' ind2=' ' tag='300'><subfield code='a'>1 online resource</subfield></datafield><datafield ind1=' ' ind2=' ' tag='336'><subfield code='a'>text</subfield><subfield code='b'>txt</subfield><subfield code='2'>rdacontent</subfield></datafield><datafield ind1=' ' ind2=' ' tag='337'><subfield code='a'>computer</subfield><subfield code='b'>n</subfield><subfield code='2'>rdamedia</subfield></datafield><datafield ind1=' ' ind2=' ' tag='338'><subfield code='a'>online resource</subfield><subfield code='b'>nc</subfield><subfield code='2'>rdacarrier</subfield></datafield><datafield ind1='1' ind2=' ' tag='490'><subfield code='a'>Routledge monographs in classical studies</subfield></datafield><datafield ind1=' ' ind2=' ' tag='504'><subfield code='a'>Includes bibliographical references and index.</subfield></datafield><datafield ind1=' ' ind2=' ' tag='533'><subfield code='a'>Electronic reproduction.</subfield><subfield code='b'>London</subfield><subfield code='n'>Available via World Wide Web.</subfield></datafield><datafield ind1=' ' ind2=' ' tag='588'><subfield code='a'>Description based on print version record and CIP data provided by publisher; resource not viewed.</subfield></datafield><datafield ind1=' ' ind2=' ' tag='599'><subfield code='a'>Princeton permanent acquisition.</subfield></datafield><datafield ind1=' ' ind2='0' tag='650'><subfield code='a'>Animals</subfield><subfield code='x'>Religious aspects.</subfield></datafield><datafield ind1=' ' ind2='0' tag='650'><subfield code='a'>Cults</subfield><subfield code='z'>Greece.</subfield></datafield><datafield ind1=' ' ind2='0' tag='650'><subfield code='a'>Mythology, Greek.</subfield></datafield><datafield ind1=' ' ind2='0' tag='651'><subfield code='a'>Greece</subfield><subfield code='x'>Religion.</subfield></datafield><datafield ind1=' ' ind2='0' tag='651'><subfield code='a'>Greece</subfield><subfield code='x'>Religious life and customs.</subfield></datafield><datafield ind1='1' ind2=' ' tag='700'><subfield code='a'>Kindt, Julia,</subfield><subfield code='d'>1975-</subfield><subfield code='e'>editor.</subfield></datafield><datafield ind1='2' ind2=' ' tag='710'><subfield code='a'>Taylor &amp; Francis</subfield></datafield><datafield ind1='0' ind2='8' tag='776'><subfield code='i'>Print version:</subfield><subfield code='t'>Animals in ancient Greek religion</subfield><subfield code='d'>Abingdon, Oxon ; New York, NY : Routledge, 2020.</subfield><subfield code='z'>9781138388888</subfield><subfield code='w'>(DLC)  2020010825</subfield></datafield><datafield ind1=' ' ind2='0' tag='830'><subfield code='a'>Routledge monographs in classical studies.</subfield></datafield><datafield ind1='4' ind2='0' tag='856'><subfield code='u'>https://www.taylorfrancis.com/books/9780429424304</subfield></datafield><datafield ind1=' ' ind2=' ' tag='910'><subfield code='c'>G0601ebk</subfield></datafield><datafield ind1=' ' ind2=' ' tag='980'><subfield code='i'>175.00</subfield><subfield code='j'>175.00</subfield><subfield code='n'>40030160145</subfield></datafield><datafield ind1=' ' ind2=' ' tag='982'><subfield code='b'>FY21</subfield><subfield code='c'>elf3</subfield><subfield code='n'>2021</subfield></datafield><datafield ind1=' ' ind2=' ' tag='986'><subfield code='h'>Electronic Resource</subfield></datafield><datafield ind1=' ' ind2=' ' tag='904'><subfield code='a'>pad</subfield><subfield code='b'>a</subfield><subfield code='h'>m</subfield><subfield code='c'>b</subfield><subfield code='e'>20201022</subfield></datafield><datafield ind1=' ' ind2=' ' tag='INT'><subfield code='a'>P</subfield></datafield><datafield ind1=' ' ind2=' ' tag='INST'><subfield code='a'>01PRI_INST</subfield></datafield><datafield ind1=' ' ind2=' ' tag='AVA'><subfield code='0'>99121576653506421</subfield><subfield code='8'>22106437260006421</subfield><subfield code='a'>01PRI_INST</subfield><subfield code='b'>online</subfield><subfield code='c'>Online Resources</subfield><subfield code='d'>Electronic Resource</subfield><subfield code='e'>check_holdings</subfield><subfield code='j'>elf3</subfield><subfield code='k'>8</subfield><subfield code='p'>1</subfield><subfield code='q'>Electronic Access</subfield></datafield></record>